<!DOCTYPE html PUBLIC "-//W3C//DTD XHTML 1.0 Strict//EN" "http://www.w3.org/TR/xhtml1/DTD/xhtml1-strict.dtd">

<!doctype html>
<html>
<head>
	<title>Kosmetika ir higiena | kosmetika</title>
	<meta charset="utf-8">
<meta name="description" content="Kosmetika ir higiena" />
<meta name="keywords" content="Kosmetika ir higiena" />
	<meta name="author" content="codetomake.com">
	<link type="text/css" rel="stylesheet" href="css/style.css">
	<link rel="stylesheet" href="css/font-awesome-4.7.0/css/font-awesome.min.css">
	
	
</head>
<body  id="SWjXUKXGV33FRa">
<header class="header"  id="mPCTsBZZLwl">
<div class="top"  id="xfaZ6M1TlZL">

<div class="social">
	<a href="#"><i class="fa fa-facebook-square fa-2x" aria-hidden="true" id="rPpztMJUC4"></i></a>
	<a href="#"><i class="fa fa-twitter-square fa-2x" aria-hidden="true" id="SNzlirKMFPJ"></i></a>
	<a href="#"><i class="fa fa-pinterest-square fa-2x" aria-hidden="true" id="rhjVtkb6C"></i></a>
	<a href="#"><i class="fa fa-google-plus-square fa-2x" aria-hidden="true" id="brFCKDXBRbiH"></i></a>
	<a href="#"><i class="fa fa-linkedin-square fa-2x" aria-hidden="true" id="dkAbHqO"></i></a>
</div>

<div class="search"  id="hnrFKk327a">
<form method="post"  id="PXFXQyLfXc">
<input type="text" name="keyword" placeholder="Search...">
<input type="submit" value="search">
</form>
</div>

</div>
<div class="head" id="6dngXrRB">
<a href="#" class="logo" alt="codetomake.com" title="codetomake.com">
<em>Codetomake.com</em>
</a>

<img src="img/banner-468-60.jpg" width="468" height="60" alt="codetomake.com" title="codetomake.com">

</div>
<nav id="BEHisBIV">
	<ul>
		<li id="qIzyWfTqd"><a href="index.html" class="active">Home</a></li>
		<li id="4eEy26RwnTg"><a href="#">Portfolio</a></li>
		<li id="bGgJBtSxUHhba7C"><a href="#">Articles</a></li>
		<li id="t4XEtPA2zC"><a href="terms.html">Terms and Conditions</a></li>
		<li id="Cn1TYFw"><a href="photo.html">Photo gallery</a></li>
		<li id="SSXk2l7JWwXF"><a href="contact.html">Contacts</a></li>
		<li id="E2fNonHQZR"><a href="privacy-policy.html">Privacy policy</a></li>
	</ul>
</nav>
</header>

<section class="slider">
<div class="inner" id="V22BfhnWstJDE">
<img src="img/slider1.jpg" width="960" height="171">
</div>
</section>

<div class="main" id="AcMVWJr3NHTTAd">
<section class="col-main">
<h1 id="7ABDrKCGtUfJn">Kosmetika ir higiena</h1> 2020.10.27 13:18

<p>

				<center><img src="img/824b3974d74d5ec359cf24babd4bd5e8.jpg" width="50%"   id="5qvYmrHMBt6A6"></center><br><br><span> Informuojame, kad šioje svetainėje yra naudojami slapukai (angl. cookies). Toliau naršydami svetainėje arba paspausdami mygtuką Sutinku Jūs sutinkate su slapukų naudojimu. Savo duotą sutikimą bet kada galėsite atšaukti pakeisdami savo interneto naršyklės nustatymus ir ištrindami įrašytus slapukus. Daugiau informacijos apie slapukus galite rasti čia . </span> Sutinku Keisti apskritį <span> Parsisiųskite</span> Lietuvių English Русский Registruotis Prisijungti Prisijungti Registruotis <p> Sveiki, ačiū, kad vėl pas mus užsukote!</p> <p> Caps Lock yra įjungtas<p> (8 5) 230 9309 Prekės Mano prekės Akcijos Eko ir ūkis Naujienos Receptai Daržovės ir vaisiai Pieno gaminiai ir kiaušiniai Duonos gaminiai ir konditerija Mėsa, žuvys ir kulinarija Bakalėja Šaldytas maistas Gėrimai Kūdikių ir vaikų prekės Kosmetika ir higiena Švaros ir gyvūnų prekės Namai ir laisvalaikis <span> Pagrindinis puslapis </span> <span> Kosmetika ir higiena </span> (8 5) 230 9309 Kasdien nuo 8 iki 21 val. El. p.: pagalba@barbora.lt <h1> Kosmetika ir higiena</h1> <h3> Popieriniai gaminiai </h3> Tualetinis popierius Popieriniai rankšluosčiai Popierinės nosinaitės <h3> Burnos higienos priemonės </h3> Dantų šepetėliai Dantų pastos Burnos skalavimo skysčiai Dantų siūlai ir krapštukai Dantų protezų priežiūra <h3> Kūno priežiūros priemonės </h3> Gabalinis tualetinis muilas Skystas tualetinis muilas Dušo želė Vonios putos ir druska Kūno odos priežiūros priemonės Drėgnosios servetėlės <h3> Rankų ir pėdų odos priežiūros priemonės </h3> Rankų odos priežiūros priemonės Pėdų odos priežiūros priemonės Manikiūro ir pedikiūro reikmenys <h3> Plaukų priežiūros priemonės </h3> Plaukų šampūnai Sausi plaukų šampūnai Plaukų balzamai Plaukų kaukės, serumai ir aliejus Šukuosenos formavimo priemonės Plaukų lakas Plaukų dažai Šukos ir šepečiai <h3> Veido priežiūros priemonės </h3> Makiažo valikliai ir veido prausikliai Veido kremai Naktiniai veido kremai Veido serumai ir paakių kremai Veido kaukės Lūpų priežiūros priemonės Kosmetinė vata ir krapštukai <h3> Dekoratyvinė kosmetika </h3> Blakstienų tušai Makiažo pagrindai, pudros ir maskuokliai Akių ir antakių pieštukai Lūpų dažai <h3> Skutimosi prekės </h3> Skutimosi putos ir želė Losjonai ir kremai po skutimosi Skustuvai ir skutimosi peiliukai Depiliacinės priemonės <h3> Intymios higienos prekės </h3> Higieniniai įklotai Higieniniai paketai Tamponai Įklotai nelaikantiems šlapimo Intymios higienos prausikliai ir servetėlės Menstruacinės taurelės <h3> Dezodorantai </h3> Purškiamieji dezodorantai moterims Purškiamieji dezodorantai vyrams Rutuliniai ir pieštukiniai dezodorantai moterims Rutuliniai ir pieštukiniai dezodorantai vyrams Pieštukiniai dezodorantai moterims Pieštukiniai dezodorantai vyrams <h3> Medicinos prekės </h3> Pleistrai Dezinfekcijos priemonės Prezervatyvai Kitos medicininės prekės <h3> Kojinės ir pėdkelnės </h3> Moteriškos kojinės Vyriškos kojinės Pėdkelnės Vaikiškos pėdkelnės <h3> AROM&#193;MA </h3> Aromaterapiniai gaminiai Eteriniai aliejai Eterinių aliejų mišiniai Augaliniai aliejai ir sviestas Gėlių vanduo <h3> Urban Earth Lovers </h3> Natūralus grožis Higiena be plastiko 1 2 3 4 5 ... Rūšiuoti pagal: Populiarumą Prekės ženklą Kainą (didėj.) Kainą (mažėj.) <span> Tualetinis popierius ZEWA DELUXE WHITE (3 sluoksnių), 8 vnt.</span> <span> €3,89 </span> €0,49/vnt. Tualetinis popierius ZEWA DELUXE WHITE (3 sluoksnių), 8 vnt. <span> KARTU REKOMENDUOJAME</span> <span> </span> <span> Popieriniai rankšluosčiai ZEWA JUMBO (2 sl.), 1 vnt.</span> <span> €3,28 </span> €3,28/vnt. Popieriniai rankšluosčiai ZEWA JUMBO (2 sl.), 1 vnt. <span> KARTU REKOMENDUOJAME</span> <span> </span> <span> Dantų pasta SENSODYNE (DEEP CLEAN), 75 ml</span> <span> €4,29 </span> €57,20/l Dantų pasta SENSODYNE (DEEP CLEAN), 75 ml <span> KARTU REKOMENDUOJAME</span> <span> </span> <span> Dantų pasta LACALUT AKTIV, 75 ml</span> <span> €3,85 </span> €51,33/l Dantų pasta LACALUT AKTIV, 75 ml <span> KARTU REKOMENDUOJAME</span> <span> </span> <span> Rankų dezinfekantas AROMAMA, 50 ml</span> €3,00 <span> €1,99 </span> €39,80/l Rankų dezinfekantas AROMAMA, 50 ml <span> KARTU REKOMENDUOJAME</span> <span> </span> <span> Skystas muilas MARGARITA ECO, 400 ml</span> <span> €3,99 </span> €9,98/l Skystas muilas MARGARITA ECO, 400 ml <span> KARTU REKOMENDUOJAME</span> <span> </span> <span> Dušo želė MARGARITA ECO, 400 ml</span> <span> €3,99 </span> €9,98/l Dušo želė MARGARITA ECO, 400 ml <span> KARTU REKOMENDUOJAME</span> <span> </span> <span> Popierinės nosinaitės GRITE BLOSSOM MINT, 10 vnt.</span> <span> €0,10 </span> €0,01/vnt. Popierinės nosinaitės GRITE BLOSSOM MINT, 10 vnt. <span> KARTU REKOMENDUOJAME</span> <span> </span> <span> Skustuvo galvutės GILLETTE MACH 3, 4 vnt.</span> <span> €9,99 </span> €2,50/vnt. Skustuvo galvutės GILLETTE MACH 3, 4 vnt. <span> KARTU REKOMENDUOJAME</span> <span> </span> <span> Intensyviai drėkinanti veido kaukė GREEN FEEL S_ Aš IKONA, 10 ml</span> <span> €1,69 </span> €169,00/l Intensyviai drėkinanti veido kaukė GREEN FEEL S_ Aš IKONA, 10 ml <span> KARTU REKOMENDUOJAME</span> <span> </span> <span> Plaukų šampūnas MARGARITA ECO, 500 ml</span> <span> €4,99 </span> €9,98/l Plaukų šampūnas MARGARITA ECO, 500 ml <span> KARTU REKOMENDUOJAME</span> <span> </span> <span> Arbatmedžio eterinis aliejus, 5 ml</span> <span> €5,00 </span> €1 000,00/l Arbatmedžio eterinis aliejus, 5 ml <span> KARTU REKOMENDUOJAME</span> <span> </span> <span> Dušo želė DOVE PISTACHIO&amp;MAGNOLIA, 500 ml</span> <span> €5,99 </span> €11,98/l Dušo želė DOVE PISTACHIO&amp;MAGNOLIA, 500 ml <span> KARTU REKOMENDUOJAME</span> <span> </span> <span> Pleistrų rinkinys AMED TEXTILE, 20 vnt.</span> <span> €1,19 </span> €0,06/vnt. Pleistrų rinkinys AMED TEXTILE, 20 vnt. <span> KARTU REKOMENDUOJAME</span> <span> </span> <span> Pleistrų rinkinys EUROCARE SENSITIVE, 20 vnt.</span> <span> €2,10 </span> €0,11/vnt. Pleistrų rinkinys EUROCARE SENSITIVE, 20 vnt. <span> KARTU REKOMENDUOJAME</span> <span> </span> <span> Balinamoji jautrių dantų pasta ECODENTA, 100 ml</span> <span> €3,89 </span> €38,90/l Balinamoji jautrių dantų pasta ECODENTA, 100 ml <span> KARTU REKOMENDUOJAME</span> <span> </span> <span> Micelinis vanduo NIVEA jautriai odai, 400 ml</span> <span> €7,99 </span> €19,98/l Micelinis vanduo NIVEA jautriai odai, 400 ml <span> KARTU REKOMENDUOJAME</span> <span> </span> <span> Dušo želė NIVEA HAWAI FLOWER&amp;OIL, 500 ml</span> <span> €4,99 </span> €9,98/l Dušo želė NIVEA HAWAI FLOWER&amp;OIL, 500 ml <span> KARTU REKOMENDUOJAME</span> <span> </span> <span> Burnos skalavimo skystis LISTERINE TOTAL, 500 ml</span> <span> €6,99 </span> €13,98/l Burnos skalavimo skystis LISTERINE TOTAL, 500 ml <span> KARTU REKOMENDUOJAME</span> <span> </span> <span> Lūpų balzamas CARMEX CLICK STICK, 4,25 g</span> <span> €4,79 </span> €1 127,06/kg Lūpų balzamas CARMEX CLICK STICK, 4,25 g <span> KARTU REKOMENDUOJAME</span> <span> </span> <span> Moteriškas rututulinis dezodorantas NIVEA BLACK&amp;WHITE, 50 ml</span> <span> €3,39 </span> €67,80/l Moteriškas rututulinis dezodorantas NIVEA BLACK&amp;WHITE, 50 ml <span> KARTU REKOMENDUOJAME</span> <span> </span> <span> Rankų kremas MARGARITA ECO, 400 ml</span> <span> €5,49 </span> €13,73/l Rankų kremas MARGARITA ECO, 400 ml <span> KARTU REKOMENDUOJAME</span> <span> </span> <span> Vyriškas plaukų šampūnas DOVE MEN CARE 2IN1, 250 ml</span> <span> €3,59 </span> €14,36/l Vyriškas plaukų šampūnas DOVE MEN CARE 2IN1, 250 ml <span> KARTU REKOMENDUOJAME</span> <span> </span> <span> Intensyviai drėkinanti veido kaukė GREEN FEEL S, 10 ml</span> <span> €1,52 </span> €152,00/l Intensyviai drėkinanti veido kaukė GREEN FEEL S, 10 ml <span> KARTU REKOMENDUOJAME</span> <span> </span> <span> Dantų pasta ECODENTA su špinatais, 100 ml</span> <span> €2,69 </span> €26,90/l Dantų pasta ECODENTA su špinatais, 100 ml <span> KARTU REKOMENDUOJAME</span> <span> </span> <span> Eterinių aliejų mišinys KVĖPUOK LAISVAI, 5 ml</span> <span> €7,00 </span> €1 400,00/l Eterinių aliejų mišinys KVĖPUOK LAISVAI, 5 ml <span> KARTU REKOMENDUOJAME</span> <span> </span> <span> Eterinių aliejų mišinys SVEIKATOS ANGELAS, 5 ml</span> <span> €10,00 </span> €2 000,00/l Eterinių aliejų mišinys SVEIKATOS ANGELAS, 5 ml <span> KARTU REKOMENDUOJAME</span> <span> </span> <span> Plaukų šampūnas DOVE REVIVAL, 250 ml</span> <span> €3,59 </span> €14,36/l Plaukų šampūnas DOVE REVIVAL, 250 ml <span> KARTU REKOMENDUOJAME</span> <span> </span> <span> Eterinių aliejų mišinys ŠALIN LIGOS, 5 ml</span> <span> €8,00 </span> €1 600,00/l Eterinių aliejų mišinys ŠALIN LIGOS, 5 ml <span> KARTU REKOMENDUOJAME</span> <span> </span> <span> Dantų pasta HIMALAYA DENTAL CREAM NEEM, 100 g</span> <span> €3,29 </span> €32,90/kg Dantų pasta HIMALAYA DENTAL CREAM NEEM, 100 g <span> KARTU REKOMENDUOJAME</span> <span> </span> <span> Veido kaukė SCHAEBENS su hialuronu, 10 ml</span> <span> €1,85 </span> €185,00/l Veido kaukė SCHAEBENS su hialuronu, 10 ml <span> KARTU REKOMENDUOJAME</span> <span> </span> <span> Higieniniai paketai ORGANYC MODERATE FLOW, 10 vnt.</span> <span> €3,99 </span> €0,40/vnt. Higieniniai paketai ORGANYC MODERATE FLOW, 10 vnt. <span> KARTU REKOMENDUOJAME</span> <span> </span> <span> Dantų pasta COLGATE NATURAL EXTRACTS (ULTIMATE FRESH), 75 ml</span> <span> €3,99 </span> €53,20/l Dantų pasta COLGATE NATURAL EXTRACTS (ULTIMATE FRESH), 75 ml <span> KARTU REKOMENDUOJAME</span> <span> </span> <span> Oro gaiviklis ŠALIN LIGOS, 100 ml</span> <span> €8,00 </span> €80,00/l Oro gaiviklis ŠALIN LIGOS, 100 ml <span> KARTU REKOMENDUOJAME</span> <span> </span> <span> Higieniniai įklotai ORGANYC FOLDED, 24 vnt.</span> <span> €3,99 </span> €0,17/vnt. Higieniniai įklotai ORGANYC FOLDED, 24 vnt. <span> KARTU REKOMENDUOJAME</span> <span> </span> <span> Sausas šampūnas BATISTE FRESH, 200 ml</span> <span> €3,99 </span> €19,95/l Sausas šampūnas BATISTE FRESH, 200 ml <span> KARTU REKOMENDUOJAME</span> <span> </span> <span> Moteriškas pieštukinis dezodorantas DOVE (PEARL&amp;ALOE), 40 ml</span> <span> €3,79 </span> €94,75/l Moteriškas pieštukinis dezodorantas DOVE (PEARL&amp;ALOE), 40 ml <span> KARTU REKOMENDUOJAME</span> <span> </span> <span> Lūpų balzamas CARMEX CHERRY, 10 g</span> <span> €4,79 </span> €479,00/kg Lūpų balzamas CARMEX CHERRY, 10 g <span> KARTU REKOMENDUOJAME</span> <span> </span> <span> Plaukų kondicionierius DOVE REVIVAL, 200 ml</span> <span> €3,59 </span> €17,95/l Plaukų kondicionierius DOVE REVIVAL, 200 ml <span> KARTU REKOMENDUOJAME</span> <span> </span> <span> Levandų eterinis aliejus, 5 ml</span> <span> €7,00 </span> €1 400,00/l Levandų eterinis aliejus, 5 ml <span> KARTU REKOMENDUOJAME</span> <span> </span> <span> Veido kaukė SCHAEBENS nuo spuogų, 10 ml</span> <span> €1,85 </span> €185,00/l Veido kaukė SCHAEBENS nuo spuogų, 10 ml <span> KARTU REKOMENDUOJAME</span> <span> </span> <span> Dušo želė DOVE GLOWING, 250 ml</span> <span> €3,69 </span> €14,76/l Dušo želė DOVE GLOWING, 250 ml <span> KARTU REKOMENDUOJAME</span> <span> </span> <span> Mot.purškiamas dezodorantas NIVEA BLACK&amp;WHITE SILKY SMOOTH, 250 ml</span> <span> €4,59 </span> €18,36/l Mot.purškiamas dezodorantas NIVEA BLACK&amp;WHITE SILKY SMOOTH, 250 ml <span> KARTU REKOMENDUOJAME</span> <span> </span> <span> Sausas šviesių plaukų šampūnas NIVEA, 200 ml</span> <span> €5,39 </span> €26,95/l Sausas šviesių plaukų šampūnas NIVEA, 200 ml <span> KARTU REKOMENDUOJAME</span> <span> </span> <span> Tualetinis muilas WELEDA su medetkomis, 100 g</span> <span> €5,79 </span> €57,90/kg Tualetinis muilas WELEDA su medetkomis, 100 g <span> KARTU REKOMENDUOJAME</span> <span> </span> <span> Drėkinamasis plaukų šampūnas NIVEA, 400 ml</span> <span> €5,99 </span> €14,98/l Drėkinamasis plaukų šampūnas NIVEA, 400 ml <span> KARTU REKOMENDUOJAME</span> <span> </span> <span> Higieniniai įklotai COTTONY FLAT, 24 vnt.</span> <span> €2,79 </span> €0,12/vnt. Higieniniai įklotai COTTONY FLAT, 24 vnt. <span> KARTU REKOMENDUOJAME</span> <span> </span> <span> Moteriškas rutulinis dezodorantas DOVE (PEARL&amp;ALOE), 50 ml</span> <span> €3,79 </span> €75,80/l Moteriškas rutulinis dezodorantas DOVE (PEARL&amp;ALOE), 50 ml <span> KARTU REKOMENDUOJAME</span> <span> </span> <span> Intymios higienos servetėlės ORGANYC, 20 vnt.</span> <span> €3,49 </span> €0,17/vnt. Intymios higienos servetėlės ORGANYC, 20 vnt. <span> KARTU REKOMENDUOJAME</span> <span> </span> <span> Dušo želė DOVE RELAXING, 250 ml</span> <span> €3,69 </span> €14,76/l Dušo želė DOVE RELAXING, 250 ml <span> KARTU REKOMENDUOJAME</span> <span> </span> <span> Skystasis rankų muilas FROSCH su levandų ekstraktu, 500 ml</span> <span> €2,26 </span> €4,52/l Skystasis rankų muilas FROSCH su levandų ekstraktu, 500 ml <span> KARTU REKOMENDUOJAME</span> <span> </span> <span> Moteriškas purškiamasis dezodorantas DOVE INVISIBLE CARE, 150 ml</span> <span> €3,79 </span> €25,27/l Moteriškas purškiamasis dezodorantas DOVE INVISIBLE CARE, 150 ml <span> KARTU REKOMENDUOJAME</span> <span> </span> 1 2 3 4 5 ... Prekės Mano prekės Akcijos Eko ir ūkis Naujienos Receptai<br>
						
<iframe width="615 height="315" src="https://www.youtube.com/embed/12GSHyNwrEQ" frameborder="0" allow="accelerometer; autoplay; encrypted-media; gyroscope; picture-in-picture" allowfullscreen></iframe><br>	
</p>

<div class="float-left">
<ul>
<li><a href="index.html">Kosmetika, kvepalai, dekoratyvinė kosmetika, profesionali ...</a></li>
<li><a href="1.html">Newcrush | Kosmetika | Maisto Papildai</a><br></li>
<li><a href="2.html">Maskshop.lt - Korėjietiška kosmetika internetu</a><br></li>
<li><a href="3.html">Meitan kosmetika</a><br></li>
<li><a href="4.html">Kosmetika - KOSMETIKA.LT</a><br></li>
<li><a href="5.html">Kosmetika ir higiena - BARBORA</a><br></li>
<li><a href="6.html">Kosmetika | Dekoratyvinė kosmetika | Urmas</a><br></li>
<li><a href="7.html">Asian Blossom korėjietiška kosmetika | AsianBlossom.lt</a><br></li>
<li><a href="8.html">Veronika Mašková – Kosmetika</a><br></li>
<li><a href="9.html">Solidu – Solid Cosmetics</a><br></li>
</ul>
</div>

<div class="float-left" id="YZozsmZdz5Ht">

</div>

<div class="clear" id="V4qwmaF5cv"></div>

<hr>
<h2 id="L7S3SNzSo"><ul>
<li><a href="index.html">Kosmetika, kvepalai, dekoratyvinė kosmetika, profesionali ...</a><br> Kosmetika buvo naudojama jau seniausiais laikais tokiose didingose civilizacijose, kaip senovės Egiptas ar Mesopotamija, o plačiai aprašyto Kleopatros grožio paslaptimi buvo ne kas kita, bet įvairūs veido aliejai ir kremai.</li>
<li><a href="1.html">Newcrush | Kosmetika | Maisto Papildai</a><br> Kosmetika ir higiena Švaros ir gyvūnų prekės Namai ir laisvalaikis Pagrindinis puslapis Kosmetika ir higiena (8 5) 230 9309. Kasdien nuo 8 iki 21 val. El. p.: pagalba@barbora.lt. Kosmetika ir higiena. Popieriniai gaminiai Tualetinis popierius ; Popieriniai rankšluosčiai ...</li>
<li><a href="2.html">Maskshop.lt - Korėjietiška kosmetika internetu</a><br> Prekiaujame tik originaliais, žinomų kompanijų, korėjietiškais kosmetikos produktais. Korėjietiška kosmetika giriama visame pasaulyje dėl savo geros sudėties bei pagrindinio tikslo, palaikyti skaisčią, porcelianinę bei jaunatvišką veido odą. Maskshop.lt parduotuvėje rasite didelį korėjietiškų veido kaukių pasirinkimą.</li>
<li><a href="3.html">Meitan kosmetika</a><br> Kūno kremai, losjonai, aliejai Vonios ir dušo kremai, geliai Kvepalai, žvakės Muilas Pėdų ir nagų priežiūra Vonios putos ir druska Kūno serumai ir dulksnos Šveitikliai kūnui Rinkiniai kūnui Savaiminio įdegio priemonės Saulės kosmetika Dezodorantai Sausai kūno odai Dezinfekantai Visi produktai</li>
<li><a href="4.html">Kosmetika - KOSMETIKA.LT</a><br> SOLIDU – tai aplinkai draugiški kietieji šampūnai bei kondicionieriai, pagaminti Lietuvoje. Pasauliui skęstant plastike, turime ieškoti alternatyvų mums gerai pažįstamiems vonios produktams.</li>
<li><a href="5.html">Kosmetika ir higiena - BARBORA</a><br> Kosmetika ir jos paskirtis ilgą laiką nuolat kito, kaip ir nuomonė apie moteris, kurios naudojo kosmetiką ir dažėsi. Pavyzdžiui, Viduramžiais moterys, kurios dažėsi buvo smerkiamos, o kosmetika tarsi buvo palaido elgesio moterų atributas. XIX a. Anglijoje kosmetiką naudodavo daugiausiai tik prostitutės, o karalienė Viktorija viešai pasmerkė veido dažymą kaip netinkamą ir ...</li>
<li><a href="6.html">Kosmetika | Dekoratyvinė kosmetika | Urmas</a><br> Kosmetika Kompletní kosmetické ošetření pleti profesionální kosmetikou Essenté podle potřeb klientky. HydroJelly alginátové masky s mořskými řasami a elektrolyty pleť skvěle vyhlazují, odstraňují přebytečný maz, vytahují zbylé nečistoty, stahují póry a pomáhají lépe proniknout všem vyživujícím látkám do pleti.</li>
<li><a href="7.html">Asian Blossom korėjietiška kosmetika | AsianBlossom.lt</a><br> MANO natūrali kosmetika - tai pažangi natūrali kosmetika pagaminta Lietuvoje, besilaikant nepriekaištingos kokybės standartų kiekviename gamybos žingsnyje!</li>
<li><a href="8.html">Veronika Mašková – Kosmetika</a><br> „The Organic Pharmacy“ gimė iš noro sukurti geresnį grožį Pirmoji parduotuvė atidaryta 2002 metais Londono Kings gatvėje. Pagrindinis tikslas, – kurti 360 laipsnių grožį, tai yra rūpintis visapusiškai tiek išoriniu, tiek ir vidiniu grožiu, todėl The Organic Pharmacy savo asortimente turi ne tik veido ir kūno kosmetikos produktus, bet ir maisto papildus.</li>
<li><a href="9.html">Solidu – Solid Cosmetics</a><br> Meitan kosmetika Specialios kainos. Mūsų parduotuvėje visada rasite geriausias kainas. Peržiūrėkite šiuo metu parduotuvėje paskelbtas akcijas ir įsigykite mūsų produkciją geriausiomis kainomis. Peržiūrėti. Apie mus. MeiTan produktai - tai veiksmingos kosmetinės bei sveikatos profilaktikos priemonės, pagamintos pagal Rytų ...</li>
</ul></h2>
<hr>
<img src="img/e7646fa338fd517514542b5f24cef009.jpg" width="50%" class="thumb_medium" id="ZR2Mdtd7"/>
<img src="img/f92efb828f1fd344e21c8fe3d8d668b8.jpg" width="50%" class="thumb_medium" id="QeCwwIZAHvc"/>
<img src="img/ddc7b984e6e4ac912a09a5c4034b4541.jpg" width="50%" class="thumb_medium" id="rJLegWemk5"/>

</section>
<aside class="col-right">
	<div class="box">

		<h2 id="qRaQjSiXeWk">Social</h2>
		<div class="font-awesome">
			<a href="#"><i class="fa fa-facebook-square fa-2x" aria-hidden="true"></i></a>
			<a href="#"><i class="fa fa-twitter-square fa-2x" aria-hidden="true"></i></a>
			<a href="#"><i class="fa fa-pinterest-square fa-2x" aria-hidden="true"></i></a>
			<a href="#"><i class="fa fa-google-plus-square fa-2x" aria-hidden="true"></i></a>
			<a href="#"><i class="fa fa-linkedin-square fa-2x" aria-hidden="true"></i></a>
			<a href="#"><i class="fa fa-tumblr-square  fa-2x" aria-hidden="true"></i></a>
		</div>
		<hr>
		<div class="font-awesome" id="jINlxn7VeU4LRQ">
			<a href="#"><i class="fa fa-cc-mastercard fa-2x" aria-hidden="true"></i></a>
			<a href="#"><i class="fa fa-cc-visa fa-2x" aria-hidden="true"></i></a>
			<a href="#"><i class="fa fa-cc-discover fa-2x" aria-hidden="true"></i></a>
			<a href="#"><i class="fa fa-cc-paypal fa-2x" aria-hidden="true"></i></a>
		</div>
	</div>
</aside>
</div>
<footer>
<div class="ftop" id="TiZUFBi">
Copyright &copy; 2020 - All rights reserved.
<br>
	
</div></div>
<div class="fbottom">
</div>
</footer>
</body>
</html>